    @BOOK{Knuth,
      author =       "Donald E. Knuth",
      title =        "{\it The {\TeX}book}",
      publisher =    "Addison-Wesley Publishing Company",
      year =         "1996",
      isbn =         "0-201-13447-0",
    }
